<?xml version="1.0" encoding="UTF-8"?><record xmlns="http://www.loc.gov/MARC21/slim" xmlns:cinclude="http://apache.org/cocoon/include/1.0" xmlns:zs="http://www.loc.gov/zing/srw/">
  <leader>00333nz  a2200121n  4500</leader>
  <controlfield tag="001">n 2013057675</controlfield>
  <controlfield tag="003">DLC</controlfield>
  <controlfield tag="005">20130913121058.0</controlfield>
  <controlfield tag="008">130913n| azannaabn          |n aaa      </controlfield>
  <datafield tag="010" ind1=" " ind2=" ">
    <subfield code="a">n 2013057675</subfield>
  </datafield>
  <datafield tag="040" ind1=" " ind2=" ">
    <subfield code="a">DLC</subfield>
    <subfield code="b">eng</subfield>
    <subfield code="c">DLC</subfield>
    <subfield code="e">rda</subfield>
  </datafield>
  <datafield tag="100" ind1="1" ind2=" ">
    <subfield code="a">Palmer, Shawn</subfield>
  </datafield>
  <datafield tag="670" ind1=" " ind2=" ">
    <subfield code="a">Medicare financing and insolvency projections, 2012:</subfield>
    <subfield code="b">t.p. (Shawn Palmer)</subfield>
  </datafield>
</record>